<record><leader>00000cas a2200000 a 4500</leader><controlfield tag="001">13741072</controlfield><controlfield tag="008">860617d19141980moudn ne      0    0eng d</controlfield><datafield ind1=" " ind2=" " tag="010"><subfield code="a">sn 86063973 </subfield></datafield><datafield ind1=" " ind2=" " tag="040"><subfield code="a">KSH</subfield><subfield code="b">eng</subfield><subfield code="c">KSH</subfield><subfield code="d">NPT</subfield><subfield code="d">MQN</subfield><subfield code="d">NSD</subfield><subfield code="d">MQN</subfield><subfield code="d">OCL</subfield><subfield code="d">OCLCQ</subfield></datafield><datafield ind1=" " ind2=" " tag="042"><subfield code="a">msc</subfield></datafield><datafield ind1="0" ind2="4" tag="245"><subfield code="a">The Sedalia capital.</subfield></datafield><datafield ind1=" " ind2=" " tag="260"><subfield code="a">Sedalia, Mo. :</subfield><subfield code="b">John E. Swanger [and] C.M. Harrison</subfield></datafield><datafield ind1=" " ind2=" " tag="300"><subfield code="a">v.</subfield></datafield><datafield ind1=" " ind2=" " tag="310"><subfield code="a">Daily (except Mon.)</subfield></datafield><datafield ind1="0" ind2=" " tag="362"><subfield code="a">Vol. 25, no. 261 (Nov. 1, 1914)-</subfield></datafield><datafield ind1="1" ind2=" " tag="362"><subfield code="a">Ceased Sept. 30, 1980?</subfield></datafield><datafield ind1=" " ind2=" " tag="580"><subfield code="a">Published as morning ed. of: Sedalia Democrat, 1919?-&lt;Sept. 30, 1980&gt;.</subfield></datafield><datafield ind1=" " ind2="4" tag="651"><subfield code="a">Sedalia (Mo.)</subfield><subfield code="v">Newspapers.</subfield></datafield><datafield ind1=" " ind2=" " tag="752"><subfield code="a">United States</subfield><subfield code="b">Missouri</subfield><subfield code="c">Pettis</subfield><subfield code="d">Sedalia.</subfield></datafield><datafield ind1="1" ind2=" " tag="775"><subfield code="t">Sedalia Democrat (Sedalia, Mo. : 1912)</subfield><subfield code="x">1061-1762</subfield><subfield code="w">(DLC)sn 90061031</subfield><subfield code="w">(OCoLC)20991491</subfield></datafield><datafield ind1="0" ind2="0" tag="780"><subfield code="t">Sedalia daily capital</subfield><subfield code="w">(DLC)sn 90061071</subfield></datafield><datafield ind1="0" ind2="5" tag="780"><subfield code="t">Sedalia gazette</subfield><subfield code="w">(DLC)sn 90061068</subfield></datafield><datafield ind1="1" ind2=" " tag="029"><subfield code="a">AU@</subfield><subfield code="b">000022169280</subfield></datafield></record>